@book{weibullhandbook1,
  author    = {Robert Abernathy}, 
  title     = {The New Weibull Handbook},
  publisher = {SAE International},
  year      = {2000},
  edition   = {4},
  note      = {},
  isbn      = {0-9653062-1-6}
}

@article{waloddiweibull,
  author  = {Waloddi Weibull}, 
  title   = {A Statistical Distribution Function of Wide Applicability},
  journal = {Journal of Applied Mechanics},
  year    = {1951},
  number  = {18},
  pages   = {293-297}
}

@article{mlandmrrcomparison,
  author  = {Ulrike Genschel, William Meeker}, 
  title   = {A Comparison of Maximum Likelihood and Median Rank Regression for Weibull Estimation},
  journal = {Quality Engineering},
  year    = {2010},
  number  = {22},
  pages   = {236-255}
}

@article{herd1960,
  author  = {G. R. Herd}, 
  title   = {Estimation of Reliability from incomplete Data},
  journal = {Proceedings of the 6th National Symposium on Reliability and Quality Control},
  year    = {1960},
  number  = {1},
  pages   = {202-217}
}

@Manual{Rlanguage,
     title = {R: A Language and Environment for Statistical Computing},
     author = {{R Development Core Team}},
     organization = {R Foundation for Statistical Computing},
     address = {Vienna, Austria},
     year = {2008},
     note = {{ISBN} 3-900051-07-0},
     url = {http://www.R-project.org},
}

 @Manual{weibulltools,
    title = {weibulltools: Statistical Methods for Life Data Analysis},
    author = {Hensel Tim-Gunnar},
    year = {2019},
    note = {R package version 1.0.1},
  }
  
@Manual{weibullr,
    title = {WeibullR: Weibull Analysis for Reliability Engineering},
    author = {David Silkworth, Jurgen Symynck, Jacob Omerod},
    year = {2019},
    note = {R package version 1.0.12},
}

@article{mlandmrrcomparison2,
  author  = {Ulrike Genschel, William Meeker}, 
  title   = {A Comparison of Maximum Likelihood and Median Rank Regression for Weibull Estimation},
  journal = {Quality Engineering},
  year    = {2010},
  number  = {22},
  pages   = {236-255},
  note = {P. 7f}
}

@article{mlandmrrcomparison3,
  author  = {Ulrike Genschel, William Meeker}, 
  title   = {A Comparison of Maximum Likelihood and Median Rank Regression for Weibull Estimation},
  journal = {Quality Engineering},
  year    = {2010},
  number  = {22},
  pages   = {236-255},
  note = {P. 11}
}

@article{stan,
   author = {Bob Carpenter, Andrew Gelman},
   title = {Stan: A Probabilistic Programming Language},
   journal = {Journal of Statistical Software, Articles},
   volume = {76},
   number = {1},
   year = {2017},
   issn = {1548-7660},
   pages = {1--32},
   doi = {10.18637/jss.v076.i01},
   url = {https://www.jstatsoft.org/v076/i01}
}

@article{betancourt1,
   author = {Michael Betancourt},
   title = {A Conceptual Introduction to Hamiltonian Monte Carlo},
   year = {2018},
   url = {https://arxiv.org/abs/1701.02434}
}

@article{NUTS,
	title={The No-U-Turn Sampler: Adaptively Setting Path Lengths in Hamiltonian Monte Carlo},
	author={Matthew D. Hoffman, Andrew Gelman},
	year={2011},
	publisher={Department of Statistics Columbia University},
	url={https://arxiv.org/abs/1111.4246}
}

@Manual{rstan,
    title = {rstan: R Interface to Stan},
    author = {Jiqiang Guo et al.},
    year = {2020},
    note = {R package version 2.19.3},
}

@online{gammaprior,
  author = {Andrew Gelman},
  title = {Prior Choice Recommendations},
  year = 2020,
  url = {https://github.com/stan-dev/stan/wiki/Prior-Choice-Recommendations},
  urldate = {2020-05-27}
}

@online{censoreddatastan,
  author = {Stan Dev Team},
  title = {Stan User's Guide: Censored Data},
  year = 2020,
  url = {https://mc-stan.org/docs/2_23/stan-users-guide/censored-data.html},
  urldate = {2020-05-27}
}
